<?xml version="1.0" encoding="UTF-8"?><collection xmlns="http://www.loc.gov/MARC21/slim"><record><leader>00532nam--2200205-i-4500</leader><controlfield tag="001">000008745</controlfield><controlfield tag="002">20161230</controlfield><controlfield tag="005">20161230201027</controlfield><controlfield tag="008">060222s1000------------r-----000-0-rus-d</controlfield><datafield ind1=" " ind2=" " tag="040"><subfield code="a">IFIN-HH</subfield></datafield><datafield ind1=" " ind2=" " tag="041"><subfield code="a">rus</subfield></datafield><datafield ind1=" " ind2=" " tag="080"><subfield code="a">530.1:539.126:539.12.172</subfield></datafield><datafield ind1="1" ind2=" " tag="100"><subfield code="a">Lee, T.D</subfield></datafield><datafield ind1="1" ind2="0" tag="245"><subfield code="a">Slabie vzaimodeistvia</subfield><subfield code="c">T.d. lee, c.s. wu</subfield></datafield><datafield ind1=" " ind2=" " tag="260"><subfield code="a">Moskva</subfield><subfield code="b">Mir</subfield><subfield code="c">1968</subfield></datafield><datafield ind1=" " ind2=" " tag="300"><subfield code="a">307P</subfield></datafield><datafield ind1=" " ind2=" " tag="500"><subfield code="a">Titlul Original In Limba Engleza: Weak Interactions</subfield></datafield><datafield ind1="1" ind2=" " tag="700"><subfield code="a">Wu, C. S</subfield></datafield><datafield ind1=" " ind2=" " tag="852"><subfield code="a">30480</subfield><subfield code="c">539.12</subfield></datafield><datafield ind1=" " ind2=" " tag="CAT"><subfield code="a">Sys</subfield><subfield code="c">20111117</subfield><subfield code="h">124116</subfield></datafield></record></collection>